<?xml version="1.0" encoding="UTF-8"?><collection xmlns="http://www.loc.gov/MARC21/slim"><record><leader>00394nam--2200121-i-4500</leader><controlfield tag="001">000037271</controlfield><controlfield tag="002">20161230</controlfield><controlfield tag="005">20161230201041</controlfield><controlfield tag="008">060222s1000------------r-----000-0-eng-d</controlfield><datafield ind1=" " ind2=" " tag="080"><subfield code="a">621.039.56</subfield></datafield><datafield ind1=" " ind2=" " tag="245"><subfield code="a">Problemi di securezza degli impianti nucleari durante la fasi di collaudo ed esercizio. vii congresso nucleare, roma, 11-17 giugno, 1962</subfield></datafield><datafield ind1=" " ind2=" " tag="260"><subfield code="a">Roma, C.N.E.N., 1964, 546p</subfield></datafield><datafield ind1=" " ind2=" " tag="852"><subfield code="a">25955</subfield></datafield></record></collection>